%% This BibTeX bibliography file was created using BibDesk.
%% https://bibdesk.sourceforge.io/

%% Created for Maximilian Hauser at 2022-12-05 12:52:45 +0100 


%% Saved with string encoding Unicode (UTF-8) 


@comment{jabref-meta: databaseType:bibtex;}



@article{gutmann2014effekte,
	author = {Gutmann, Cornelia Evi and Geiger, Marion and Seufert, Tina},
	date-added = {2022-12-05 12:52:39 +0100},
	date-modified = {2022-12-05 12:52:39 +0100},
	journal = {Zeitschrift f{\"u}r Hochschulentwicklung},
	title = {Effekte eines tutorenbasierten Lernstrategietrainings f{\"u}r Studierende},
	year = {2014}}

@book{seufert2003wissenserwerb,
	author = {Seufert, Tina},
	date-added = {2022-12-05 12:51:33 +0100},
	date-modified = {2022-12-05 12:51:33 +0100},
	publisher = {Logos-Verlag},
	title = {Wissenserwerb mit multiplen Repr{\"a}sentationen: Wirksamkeit von Koh{\"a}renzbildungshilfen},
	year = {2003}}

@periodical{uni-ulm-intern,
	date-added = {2022-12-05 12:07:03 +0100},
	date-modified = {2022-12-05 12:32:17 +0100},
	editor = {{Universit{\"a}t Ulm}},
	pages = {4-7},
	title = {uni ulm intern - das Ulmer Universit{\"a}tsmagazin},
	volume = {48. Jg,Nr. 343},
	year = {Feb. 2018}}

@book{Kopka1995,
	address = {Wokingham, England},
	author = {Helmut Kopka and Patrick W.~Daly},
	edition = {2nd ed.},
	publisher = {Addison-Wesley Publishing Company},
	title = {A Guide to \LaTeXe: Document Preparation for Beginners and Advanced Users},
	year = {1995}}

@book{Schlosser2014,
	address = {Frechen},
	author = {Schlosser, Joachim},
	edition = {5., {\"u}berarb. Aufl.},
	keywords = {Wissenschaftliches Manuskript ; 4066596-3, LATEX <Programm > ; 4192618-3},
	publisher = {mitp},
	title = {Wissenschaftliche Arbeiten schreiben mit LATEX : Leitfaden f{\"u}r Einsteiger},
	year = {2014}}

@book{Knappen2009,
	address = {M{\"u}nchen},
	author = {Knappen, J{\"o}rg},
	edition = {3. {\"u}berarb. Aufl.},
	publisher = {Oldenbourg},
	title = {Schnell ans Ziel mit LATEX 2e},
	year = {2009}}

@book{Mittelbach2005,
	address = {M{\"u}nchen [u.a.]},
	author = {Mittelbach, Frank and Goossens, Michel and Braams, Johannes},
	edition = {2. {\"u}berarb. und erw. Aufl.},
	publisher = {Pearson Studium},
	series = {ST - Scientific tools},
	title = {Der Latex-Begleiter},
	year = {2005}}

@book{Voss2010,
	address = {Berlin},
	author = {Vo\ss{}, Herbert},
	edition = {2. {\"u}berarb. u. erw. Aufl.},
	publisher = {Lehmanns Media},
	title = {LaTeX Referenz},
	year = {2010}}

@book{Sturm2012,
	address = {Hannover [u.a.]},
	author = {Sturm, Thomas F.},
	edition = {9. unver{\"a}nd. Aufl.},
	publisher = {Regionales Rechenzentrum f{\"u}r Niedersachsen, RRZN},
	series = {RRZN-Handbuch},
	title = {LATEX : Einf{\"u}hrung in das Textsatzsystem},
	year = {2012}}
